<record><leader>00000cas a2200000 a 4500</leader><controlfield tag="001">12705167</controlfield><controlfield tag="008">851022d18uu1905aluwr ne      0    0eng d</controlfield><datafield ind1=" " ind2=" " tag="010"><subfield code="a">sn 87090228 </subfield></datafield><datafield ind1=" " ind2=" " tag="040"><subfield code="a">ALM</subfield><subfield code="b">eng</subfield><subfield code="c">ALM</subfield><subfield code="d">PPM</subfield><subfield code="d">CPN</subfield><subfield code="d">OCL</subfield><subfield code="d">OCLCQ</subfield></datafield><datafield ind1=" " ind2=" " tag="042"><subfield code="a">msc</subfield></datafield><datafield ind1="0" ind2="0" tag="245"><subfield code="a">West Alabamian.</subfield></datafield><datafield ind1="1" ind2="7" tag="246"><subfield code="a">Alabamian</subfield></datafield><datafield ind1=" " ind2=" " tag="260"><subfield code="a">Carrollton, Ala. :</subfield><subfield code="b">R.A. Eaton</subfield></datafield><datafield ind1=" " ind2=" " tag="300"><subfield code="a">v. :</subfield><subfield code="b">ill. ;</subfield><subfield code="c">56-60 cm.</subfield></datafield><datafield ind1=" " ind2=" " tag="310"><subfield code="a">Weekly</subfield></datafield><datafield ind1="0" ind2=" " tag="362"><subfield code="a">-v. 54, no. 50 (Dec. 13, 1905).</subfield></datafield><datafield ind1=" " ind2=" " tag="500"><subfield code="a">Editor: Alexander B. Clitherall.</subfield></datafield><datafield ind1=" " ind2=" " tag="588"><subfield code="a">Description based on: Vol. 3, no. 17 (Aug. 6, 1851).</subfield></datafield><datafield ind1="1" ind2=" " tag="700"><subfield code="a">Clitherall, Alexander B.</subfield></datafield><datafield ind1=" " ind2=" " tag="752"><subfield code="a">United States</subfield><subfield code="b">Alabama</subfield><subfield code="c">Pickens</subfield><subfield code="d">Carrollton.</subfield></datafield><datafield ind1="0" ind2="7" tag="785"><subfield code="t">Pickens County herald (Carrollton, Ala.)</subfield><subfield code="w">(DLC)sn 88050136</subfield></datafield><datafield ind1="0" ind2="7" tag="785"><subfield code="t">Alabamian-herald</subfield><subfield code="w">(DLC)sn 87050380</subfield></datafield><datafield ind1="1" ind2=" " tag="029"><subfield code="a">AU@</subfield><subfield code="b">000020480552</subfield></datafield></record>